<?xml version='1.0' encoding='UTF-8'?>
<record xmlns="http://www.loc.gov/MARC21/slim">
  <leader>00780cam a22002175  4500</leader>
  <controlfield tag="001">2788639</controlfield>
  <controlfield tag="003">NjP</controlfield>
  <controlfield tag="005">20171013181149.0</controlfield>
  <controlfield tag="008">991124m19609999sy            000 0 ara d</controlfield>
  <datafield tag="024" ind1="7" ind2=" ">
    <subfield code="a">princeton_aco001951</subfield>
    <subfield code="2">local</subfield>
  </datafield>
  <datafield ind1=" " ind2=" " tag="035">
    <subfield code="a">(OCoLC)ocm42886218</subfield>
  </datafield>
  <datafield ind1=" " ind2=" " tag="035">
    <subfield code="9">CNJ7779TS</subfield>
  </datafield>
  <datafield ind1=" " ind2=" " tag="040">
    <subfield code="a">PUL</subfield>
    <subfield code="c">PUL</subfield>
  </datafield>
  <datafield ind1="1" ind2=" " tag="100">
    <subfield code="a">Fāḍil, Muḥammad,</subfield>
    <subfield code="c">professor of law,</subfield>
    <subfield code="e">professor of law.</subfield>
  </datafield>
  <datafield ind1="0" ind2="3" tag="245">
    <subfield code="a">al-Wajīz fī uṣūl al-muḥākamāt al-ja-zāʾīyah.</subfield>
  </datafield>
  <datafield ind1="0" ind2=" " tag="246">
    <subfield code="i">Added cover-title:</subfield>
    <subfield code="a">Précis de procédure pénale</subfield>
  </datafield>
  <datafield ind1=" " ind2=" " tag="260">
    <subfield code="a">Damascus,</subfield>
    <subfield code="b">Jāmiʻat Dimashq,</subfield>
    <subfield code="c">1960-</subfield>
  </datafield>
  <datafield ind1=" " ind2=" " tag="300">
    <subfield code="a">v.</subfield>
    <subfield code="c">25 cm.</subfield>
  </datafield>
  <datafield ind1=" " ind2=" " tag="546">
    <subfield code="a">In Arabic.</subfield>
  </datafield>
  <datafield ind1=" " ind2="0" tag="650">
    <subfield code="a">Criminal procedure.</subfield>
    <subfield code="0">http://id.loc.gov/authorities/subjects/sh85034086</subfield>
  </datafield>
  <datafield ind1=" " ind2=" " tag="945">
    <subfield code="a">F</subfield>
    <subfield code="b">1</subfield>
    <subfield code="c">2269.3156.395</subfield>
    <subfield code="e">v.1</subfield>
  </datafield>
  <datafield ind1=" " ind2=" " tag="911">
    <subfield code="a">20000130</subfield>
  </datafield>
  <datafield ind1="0" ind2="1" tag="852">
    <subfield code="0">3099606</subfield>
    <subfield code="b">nec</subfield>
    <subfield code="t">1</subfield>
    <subfield code="h">K5401</subfield>
    <subfield code="i">.F335 1960</subfield>
  </datafield>
  <datafield ind1=" " ind2="0" tag="866">
    <subfield code="0">3099606</subfield>
    <subfield code="8">0</subfield>
    <subfield code="a">v.1</subfield>
  </datafield>
  <datafield ind1=" " ind2=" " tag="959">
    <subfield code="a">2009-06-29 16:22:04 -0400</subfield>
  </datafield>
</record>
